@incollection{bao2004activity,
  title={Activity recognition from user-annotated acceleration data},
  author={Bao, Ling and Intille, Stephen S},
  booktitle={Pervasive computing},
  pages={1--17},
  year={2004},
  publisher={Springer}
}

@article{albert2012fall,
  title={Fall classification by machine learning using mobile phones},
  author={Albert, Mark V and Kording, Konrad and Herrmann, Megan and Jayaraman, Arun},
  journal={PloS one},
  volume={7},
  number={5},
  pages={e36556},
  year={2012},
  publisher={Public Library of Science}
}

@article{literatuurstudie,
  title={Who has my phone?},
  author={Dieltjens and Geelen},
  year={2014},
  month={November}
}

@inproceedings{lester2005hybrid,
  title={A Hybrid Discriminative/Generative Approach for Modeling Human Activities.},
  author={Lester, Jonathan and Choudhury, Tanzeem and Kern, Nicky and Borriello, Gaetano and Hannaford, Blake},
  booktitle={IJCAI},
  volume={5},
  pages={766--772},
  year={2005}
}

@article{preece2009comparison,
  title={A comparison of feature extraction methods for the classification of dynamic activities from accelerometer data},
  author={Preece, Stephen J and Goulermas, John Yannis and Kenney, Laurence PJ and Howard, David},
  journal={Biomedical Engineering, IEEE Transactions on},
  volume={56},
  number={3},
  pages={871--879},
  year={2009},
  publisher={IEEE}
}

@inproceedings{ravi2005activity,
  title={Activity recognition from accelerometer data},
  author={Ravi, Nishkam and Dandekar, Nikhil and Mysore, Preetham and Littman, Michael L},
  booktitle={AAAI},
  volume={5},
  pages={1541--1546},
  year={2005}
}

@inproceedings{strohrmann2012data,
  title={A data-driven approach to kinematic analysis in running using wearable technology},
  author={Strohrmann, Christina and Rossi, Mirco and Arnrich, Bert and Troster, Gerhard},
  booktitle={Wearable and Implantable Body Sensor Networks (BSN), 2012 Ninth International Conference on},
  pages={118--123},
  year={2012},
  organization={IEEE}
}

@inproceedings{mantyjarvi2001recognizing,
  title={Recognizing human motion with multiple acceleration sensors},
  author={Mantyjarvi, Jani and Himberg, Johan and Seppanen, Tapio},
  booktitle={Systems, Man, and Cybernetics, 2001 IEEE International Conference on},
  volume={2},
  pages={747--752},
  year={2001},
  organization={IEEE}
}

@article{eskofier2012pattern,
  title={Pattern classification of kinematic and kinetic running data to distinguish gender, shod/barefoot and injury groups with feature ranking},
  author={Eskofier, Bjoern M and Kraus, Martin and Worobets, Jay T and Stefanyshyn, Darren J and Nigg, Benno M},
  journal={Computer methods in biomechanics and biomedical engineering},
  volume={15},
  number={5},
  pages={467--474},
  year={2012},
  publisher={Taylor \& Francis}
}

@incollection{lester2006practical,
  title={A practical approach to recognizing physical activities},
  author={Lester, Jonathan and Choudhury, Tanzeem and Borriello, Gaetano},
  booktitle={Pervasive Computing},
  pages={1--16},
  year={2006},
  publisher={Springer}
}

@article{kwapisz2011activity,
  title={Activity recognition using cell phone accelerometers},
  author={Kwapisz, Jennifer R and Weiss, Gary M and Moore, Samuel A},
  journal={ACM SigKDD Explorations Newsletter},
  volume={12},
  number={2},
  pages={74--82},
  year={2011},
  publisher={ACM}
}

@misc{Weka,
      author = "Machine Learning Group at the University of Waikato",
      title = "{{W}eka 3: {D}ata {M}ining {S}oftware in {J}ava}",
      month = "November",
      year = "2014",
      note = "\url{http://www.cs.waikato.ac.nz/ml/weka/}"
}

@inproceedings{mantyjarvi2005identifying,
  title={Identifying users of portable devices from gait pattern with accelerometers},
  author={Mantyjarvi, Jani and Lindholm, Mikko and Vildjiounaite, Elena and Makela, S-M and Ailisto, HA},
  booktitle={Acoustics, Speech, and Signal Processing, 2005. Proceedings.(ICASSP'05). IEEE International Conference on},
  volume={2},
  pages={ii--973},
  year={2005},
  organization={IEEE}
}